@book{jmj,
  title={{\bf Data Mining: Concepts and Techniques. 3. ed}},
  author="Jiawei Han and Micheline Kamber and Jian Pei",
  year={2012},
  publisher={lsevierInc}
}

@book{kimball2004,
    title = {{\bf The Data Warehouse ETL Toolkit: The Practical Techniques for Extracting, Cleaning, Conforming and Delivering Data}},
    author="Ralph Kimball and Joe Caserta",
    year={2004},
    publisher={John Wiley \& Sons, Inc}
    
}

@book{kimball2002,
    title = {{\bf The Data Warehouse Toolkit: The Definitive Guide to Dimensional Modeling.}},
    author="Ralph Kimball and Margy Ross",
    year={2002},
    publisher={John Wiley \& Sons, Inc}
    
}

@book{kimball2013,
    title = {{\bf The Data Warehouse Toolkit: The Definitive Guide to Dimensional Modeling.}},
    author="Ralph Kimball and Margy Ross",
    year={2013},
    publisher={John Wiley \& Sons, Inc}
    
}

@book{inmon,
    title = {{\bf Building the Data Warehouse}},
    author="William H Inmon",
    year={1996},
    publisher={John Wiley \& Sons, Inc}
    
}

@book{dmfd,
    title = {\textbf{Data Mining For Dummies. 1. ed}},
    author="Meta S. Brown",
    year=2014,
    publisher={John Wiley \& Sons, Inc}
    
}
@book{crispmanual,
    title = {\textbf{CRISP-DM 1.0, Step-by-step data mining guide}},
    author="Pete Chapman and Julian Clinton and Randy Kerber and Thomas Khabaza and Thomas Reinartz and Colin Shearer and Rüdiger Wirth",
    year=2000,
    publisher={SSPS}
}

@book{kettle,
    title = {\textbf{Pentaho Kettle Solutions: Building Open Source ETL Solutions with \pdi}},
    author = "Matt Casters and Roland Bouman and Jas Von Dongen",
    year = 2010,
    publisher = {Wiley}
}
@online{pdiarchitecture,
    title={\textbf{Pentaho Data Integration Architecture}},
    year = 2016,
    howpublished = "Disponível em:
    $<$https://help.pentaho.com/Documentation/5.3/0L0/0Y0/010$>$,
    Acesso em: 25, nov de 2017",
}

@book{weka,
    title = {{\bf Data Mining: Practical Machine Learning Tools and Techniques. 3. ed}},
    author="Ian H. Witten and Eibe Frank and Mark A. Hall",
    year={2011},
    publisher={Elsevier}
    
}